<?xml version="1.0" encoding="UTF-8"?><collection xmlns="http://www.loc.gov/MARC21/slim"><record><leader>00408nam--2200133-i-4500</leader><controlfield tag="001">000044282</controlfield><controlfield tag="002">20161230</controlfield><controlfield tag="005">20161230201044</controlfield><controlfield tag="008">060222s1000------------r-----000-0-eng-d</controlfield><datafield ind1=" " ind2=" " tag="080"><subfield code="a">530.145:539.12</subfield></datafield><datafield ind1=" " ind2=" " tag="245"><subfield code="a">Theory and detection of magnetic monopoles in gauge theories. (a collected set of lecture notes)</subfield></datafield><datafield ind1=" " ind2=" " tag="260"><subfield code="a">Singapore, World Scientific, 1986, Xi+497p</subfield></datafield><datafield ind1=" " ind2=" " tag="700"><subfield code="a">Craigie,Neil/S.A.</subfield></datafield><datafield ind1=" " ind2=" " tag="852"><subfield code="a">73880</subfield></datafield></record></collection>